%% This BibTeX bibliography file was created using BibDesk.
%% http://bibdesk.sourceforge.net/

%% Created for Ander at 2018-12-03 11:12:00 +0100 


%% Saved with string encoding Unicode (UTF-8) 



@inproceedings{gawrilow2000polymake,
	Author = {Gawrilow, Ewgenij and Joswig, Michael},
	Booktitle = {Polytopes---combinatorics and computation},
	Date-Added = {2018-12-03 11:11:56 +0100},
	Date-Modified = {2018-12-03 11:11:56 +0100},
	Organization = {Springer},
	Pages = {43--73},
	Title = {Polymake: a framework for analyzing convex polytopes},
	Year = {2000}}

@book{ziegler2012lectures,
	Author = {Ziegler, G{\"u}nter M},
	Date-Added = {2018-12-03 10:59:39 +0100},
	Date-Modified = {2018-12-03 10:59:39 +0100},
	Publisher = {Springer Science \& Business Media},
	Title = {Lectures on polytopes},
	Volume = {152},
	Year = {2012}}

@book{grunbaum1967convex,
	Author = {Gr{\"u}nbaum, Branko and Klee, Victor and Perles, Micha A and Shephard, Geoffrey Colin},
	Date-Added = {2018-12-03 10:56:56 +0100},
	Date-Modified = {2018-12-03 11:00:20 +0100},
	Publisher = {Springer},
	Title = {Convex polytopes},
	Year = {1967}}

@Article{bs-1992,
    Author = {Louis J. {Billera} and Bernd {Sturmfels}},
    Title = {{Fiber polytopes.}},
    FJournal = {{Annals of Mathematics. Second Series}},
    Journal = {{Ann. Math. (2)}},
    ISSN = {0003-486X; 1939-8980/e},
    Volume = {135},
    Number = {3},
    Pages = {527--549},
    Year = {1992},
    Publisher = {Princeton University, Mathematics Department, Princeton, NJ; Mathematical Sciences Publishers (MSP), Berkeley, CA},
    Language = {English},
    MSC2010 = {52B11},
    Zbl = {0762.52003}
}
